@article{tisalta,
  author  = {iProfesional},
  title   = {Se endurece el cepo al dólar para importadores: la UIA reclama y se reúne con AFIP},
  journal = {iProfesional},
  year    = {2020},
  month   = {febrero}
}

@article{globant,
  author  = {impulsobaires},
  journal = {implsobaires},
  title   = {Martín Migoya, cofundador de Globant contra el intento de suspender las S.A.S: “Argentina necesita más empresas”},
  year    = {2021},
  month   = {junio}
}

@article{cipec,
  author  = {Agustin Claus y Maria Belén Sanchez},
  journal = {CIPPEC},
  number  = {},
  title   = {El financiamiento educativo en la Argentina: balance y desafíos de cara al cambio de década},
  volume  = {Documento de Trabajo Nº 178-DT-EDU},
  year    = {2019}
}

@book{siuutn,
  author    = {Karina Cardaci et al.},
  publisher = {Editorial - CEIT},
  title     = {Seminario universitario: introducción a la vida universitaria},
  year      = {2019},
  month     = {diciembre}
}